%  $Description: Fresnel bibliography$ 
% 
%  $Author: epietrig $ 
%  $Date: 2005/11/15 09:00:31 $
%  $Revision: 1.1 $

@InProceedings{Quan04,
  author = 	 "Dennis Quan and David Karger",
  title = 	 "{H}ow to {M}ake a {S}emantic {W}eb {B}rowser",
  pages = 	 "255-265",
  booktitle =    "Proceedings of the 13th international conference on World Wide Web",
  year = 	 "2004",
  month = 	 "May"
}

@Misc{Quan05,
  author = 	 "Dennis Quan and David Karger",
  title = 	 "Xenon: {A}n {RDF} {S}tylesheet {O}ntology",
  year = 	 "2004",
  month = "December",
  howpublished = {\url{general@simile.mit.edu} mailing list attachment}
}

@InProceedings{Rutledge05,
  author = 	 "Lloyd Rutledge and Jacco van Ossenbruggen and Lynda Hardman",
  title = 	 "Making {RDF} {P}resentable: {S}election, {S}tructure and {S}urfability for the {S}emantic {W}eb",
  pages = 	 "199-206",
  booktitle =    "Proceedings of the 14th international conference on World Wide Web",
  year = 	 "2005",
  month = 	 "May"
}

@InProceedings{Gassert05,
  author = 	 "Hannes Gassert and Andreas Harth",
  title = 	 "From {G}raph to {GUI}: {D}isplaying {RDF} {D}ata from the {W}eb with {A}rago",
  OPTpages = 	 "",
  booktitle =    "1st workshop on Scripting for the Semantic Web (ESWC)",
  year = 	 "2005"
}

@InProceedings{MindSwap05,
  author = 	 "Aditya Kalyanpur and Bijan Parsia and James Hendler",
  title = 	 "A {T}ool for {W}orking with {W}eb {O}ntologies",
  OPTpages = 	 "",
  booktitle =    "Proceedings of Extreme Markup Languages",
  year = 	 "2004",
  month = 	 "January"
}

@InProceedings{Carroll04,
  author = 	 "Jeremy J. Carroll and Patrick Stickler",
  title = 	 "{T}ri{X}: {RDF} triples in {XML}",
  OPTpages = 	 "",
  booktitle =    "In the International Journal on Semantic Web and Information Systems, Vol.1, No.1, Jan-Mar 2005",
  year = 	 "2005",
  month = 	 "January"
}

@InProceedings{mspace2005,
  author = 	 "mc schraefel and Daniel Smith and Alisdair Owens and Alistair Russell and Craig Harris",
  title = 	 "The evolving m{S}pace platform: leveraging the {S}emantic {W}eb on the {T}rail of the {M}emex.",
  pages = 	 "174-183",
  booktitle =    "16th ACM Conference on Hypertext and Hypermedia",
  year = 	 "2005",
  month = 	 "September"
}

@Misc{cocoon05,
  author = 	 "ASF",
  title = 	 "The {A}pache {C}ocoon {P}roject",
  year =	 "2005",
  howpublished = "\url{http://cocoon.apache.org}"
}

@Misc{rdfcas04,
  author = 	 "W3C",
  title = 	 "Resource {D}escription {F}ramework ({RDF}): {C}oncepts and {A}bstract {S}yntax",
  year =	 "2004",
  month =	 "February",
  howpublished = "\url{http://www.w3.org/TR/rdf-concepts/}"
}

@Misc{simile,
  author = "SIMILE",
  year = "2003-2005",
  title = "{L}ongwell {RDF} {B}rowser",
  note =	 "http://simile.mit.edu/longwell/"
}

@Misc{horus,
  author = "Tae Il Erdmann and Chris Bizer",
  year = "2005",
  title = "{Horus RDF Browser}",
  howpublished = "\url{http://www.wiwiss.fu-berlin.de/suhl/bizer/rdfapi/tutorial/horus/}"
}

@Misc{HaystackUI03,
  author = "David Huynh",
  year = "2003",
  title = "{Haystack's User Interface Framework: Tutorial and Reference}",
  howpublished = "\url{http://haystack.lcs.mit.edu/documentation/ui.pdf}"
}

@Misc{foaf,
  author = "{FOAF}ers",
  year = "2001",
  title = "{F}riend-of-a-{F}riend ({FOAF})",
  howpublished = "\url{http://www.foaf-project.org/}"
}

@Misc{sparql05,
  author = "Eric Prud'hommeaux and Andy Seaborne",
  year = "2005",
  month = "April",
  title = "{SPARQL} {Q}uery {L}anguage for {RDF}",
  howpublished = "\url{http://www.w3.org/TR/rdf-sparql-query/}"
}

@Misc{fsl05,
  author = "Emmanuel Pietriga",
  year = "2005",
  month = "July",
  title = "{F}resnel {S}elector {L}anguage for {RDF}",
  howpublished = "\url{http://www.w3.org/2005/04/fresnel-info/fsl-20050726/}"
}

@Misc{fresnel05,
  author = "Chris Bizer and Ryan Lee and Emmanuel Pietriga",
  year = "2005",
  month = "June",
  title = "{F}resnel - {D}isplay {V}ocabulary for {RDF}",
  howpublished = "\url{http://www.w3.org/2005/04/fresnel-info/manual-20050726/}"
}

@Misc{isaviz,
  author = "Emmanuel Pietriga",
  year = "2001-2006",
  title = "{I}sa{V}iz: {A} {V}isual {A}uthoring {T}ool for {RDF}",
  howpublished = "\url{http://www.w3.org/2001/11/IsaViz/}"
}

@Misc{Welkin,
  author = "SIMILE",
  year = "2004-2005",
  title = "Welkin",
  howpublished = "\url{http://simile.mit.edu/welkin/}"
}

@Misc{Steer03,
  author = 	 "Damian Steer",
  title = 	 "{B}rown{S}auce: {A}n {RDF} {B}rowser",
  year =	 "2003",
  howpublished = {\url{http://www.xml.com/pub/a/2003/02/05/brownsauce.html}},
  note = {{XML}.com}
}

@Misc{N3,
  author = "Tim Berners-Lee",
  year = "2005",
  title = "{P}rimer: {G}etting into {RDF} \& {S}emantic {W}eb using {N3}",
  howpublished = "\url{http://www.w3.org/2000/10/swap/Primer.html}"
}

@InProceedings{xpr06,
  author = 	 "S. Cohen-Boulakia and C. Froidevaux and Emmanuel Pietriga",
  title = 	 "{S}electing {B}iological {D}ata {S}ources and {T}ools with {XPR}, a {P}ath {L}anguage for {RDF}",
  pages = 	 "116-127",
  booktitle =    "Pacific Symposium on Biocomputing ({PSB}), Maui, Hawaii.",
  year = 	 "2006",
  month = 	 "January"
}

@InProceedings{huynh05,
  author = 	 "David Huynh and Stefano Mazzocchi and David Karger",
  title = 	 "{Piggy Bank: Experience the Semantic Web Inside Your Web Browser}",
  pages = 	 "413-430",
  booktitle =    "Proceedings of the 4th International Semantic Web Conference (ISWC)",
  year = 	 "2005",
  month = 	 "November"
}

@InProceedings{Quan03,
  author = 	 "Dennis Quan and David Huynh and David R. Karger",
  title = 	 "{Haystack: A Platform for Authoring End User Semantic Web Applications}",
  pages = 	 "738-753",
  booktitle =    "2nd International Semantic Web Conference (ISWC)",
  year = 	 "2003",
  month = 	 "October"
}

@Misc{xpath,
  author = 	 "J. Clark and S. DeRose",
  title = 	 "{XML Path Language (XPath) version 1.0}",
  year =	 "1999",
  month =	 "November",
  howpublished = "\url{http://www.w3.org/TR/xpath}"
}

@inproceedings{bier93,
 author = {Eric A. Bier and Maureen C. Stone and Ken Pier and William Buxton and Tony D. DeRose},
 title = {Toolglass and magic lenses: the see-through interface},
 booktitle = {SIGGRAPH '93: Proc. of the 20th conference on Computer graphics and interactive techniques},
 year = {1993},
 pages = {73--80},
 publisher = {ACM Press}
 }
 
 @inproceedings{furnas06,
 author = {George W. Furnas},
 title = {A fisheye follow-up: further reflections on focus + context},
 booktitle = {CHI '06: Proceedings of the SIGCHI conference on Human Factors in computing systems},
 year = {2006},
 pages = {999--1008},
 publisher = {ACM Press}
 }
 
 @inproceedings{pietriga05,
  author = "Emmanuel Pietriga",
  title = "{A Toolkit for Addressing HCI Issues in Visual Language Environments}",
  pages= "145-152",
  booktitle = "{IEEE Symposium on Visual Languages and Human-Centric Computing (VL/HCC'05)}",
  year = "2005",
  month = "September",
  address = "Dallas, USA"
}

@inproceedings{timbl06,
  author = "Tim Berners-Lee and Yuhsin Chen and Lydia Chilton and Dan Connolly and Ruth Dhanaraj and James Hollenbach and Adam Lerer and David Sheets",
  title = "{Tabulator: Exploring and Analyzing linked data on the Semantic Web}",
  booktitle = "Proceedings of the 3rd Int. Semantic Web User Interaction Workshop",
  year = "2006",
  month = "November",
  address = "Athens, USA"
}

@inproceedings{pietriga06b,
  author = "Emmanuel Pietriga",
  title = "{Semantic Web Data Visualization with Graph Style Sheets}",
  booktitle = "{Proceedings of the ACM Symposium on Software Visualization (SoftVis'06)}",
  year = "2006",
  month = "September",
  address = "Brighton, UK"
}
