%  $Description: Fresnel bibliography$ 
% 
%  $Author: epietrig $ 
%  $Date: 2005/04/01 10:40:12 $
%  $Revision:  1.0$


@Article{Pietriga03,
  author = 	 "Emmanuel Pietriga",
  title = 	 "Styling RDF Graphs with GSS",
  journal =	 "XML.com",
  year =	 "2003",
  month = 	 "December",
  note =	 "http://www.xml.com/pub/a/2003/12/03/gss.html"
}

@InProceedings{Quan04,
  author = 	 "Dennis Quan and David Karger",
  title = 	 "How to Make a Semantic Web Browser",
  pages = 	 "255-265",
  booktitle =    "Proceedings of the 13th international conference on World Wide Web",
  year = 	 "2004",
  month = 	 "May"
}

@InProceedings{Rutledge05,
  author = 	 "Lloyd Rutledge and Jacco van Ossenbruggen and Lynda Hardman",
  title = 	 "Making RDF Presentable: Selection, Structure and Surfability for the Semantic Web",
  OPTpages = 	 "",
  booktitle =    "Proceedings of the 14th international conference on World Wide Web",
  year = 	 "2005",
  month = 	 "May"
}

@InProceedings{Gassert05,
  author = 	 "Hannes Gassert and Andreas Harth",
  title = 	 "From Graph to GUI: Displaying RDF Data from the Web with Arago",
  OPTpages = 	 "",
  booktitle =    "Proceedings of the 1st workshop on Scripting for the Semantic Web",
  year = 	 "2005",
  month = 	 "May"
}

@article{Isakowitz:1995:RMS,
volume         = {38},
author         = {Tom{\'a}s Isakowitz and Edward A. Stohr and P. 
Balasubramanian},
journal        = {Communications of the ACM},
title          = {{RMM}: {A} {M}ethodology for {S}tructured {H}ypermedia 
{D}esign},
number         = {8},
month          = {August},
year           = {1995},
pages          = {34-44}}

@InProceedings{MindSwap05,
  author = 	 "Aditya Kalyanpur and Bijan Parsia and James Hendler",
  title = 	 "A Tool for Working with Web Ontologies",
  OPTpages = 	 "",
  booktitle =    "Proceedings of Extreme Markup Languages",
  year = 	 "2004",
  month = 	 "January"
}

@InProceedings{Carroll04,
  author = 	 "Jeremy J. Carroll and Patrick Stickler",
  title = 	 "TriX : RDF Triples in XML",
  OPTpages = 	 "",
  booktitle =    "In the International Journal on Semantic Web and Information Systems, Vol.1, No.1, Jan-Mar 2005",
  year = 	 "2005",
  month = 	 "January"
}

@InProceedings{mspace2005,
  author = 	 "M.C. Schraefel and Daniel Smith and Alisdair Owens and Alistair Russell and Craig Harris",
  title = 	 "The evolving mSpace platform: leveraging the Semantic Web on the Trail of the Memex.",
  OPTpages = 	 "",
  booktitle =    "Submitted to Hypertext, 2005, Salzburg.",
  year = 	 "2005",
  month = 	 "April"
}

@Misc{rdfxml04,
  author = 	 "W3C",
  title = 	 "RDF/XML Syntax Specification (Revised)",
  year =	 "2004",
  month =	 "February",
  note =	 "http://www.w3.org/TR/rdf-syntax-grammar/"
}

@Misc{rdfcas04,
  author = 	 "W3C",
  title = 	 "Resource Description Framework (RDF): Concepts and Abstract Syntax",
  year =	 "2004",
  month =	 "February",
  note =	 "http://www.w3.org/TR/rdf-concepts/"
}

@Article{gss03,
  author = 	 "Emmanuel Pietriga",
  title = 	 "Styling RDF Graphs with GSS",
  journal =	 "XML.com",
  year =	 "2003",
  month = 	 "December",
  note =	 "http://www.xml.com/pub/a/2003/12/03/gss.html"
}

@Article{Mazzocchi05,
  author = 	 "Stefano Mazzocchi and Stephen Garland and Ryan Lee",
  title = 	 "SIMILE: Practical Metadata for the Semantic Web",
  journal =	 "XML.com",
  year =	 "2004",
  month = 	 "January",
  note =	 "http://www.xml.com/pub/a/2005/01/26/simile.html"
}

@Misc{simile,
  author = "SIMILE",
  year = "2003-2005",
  title = "Longwell RDF Browser",
  note =	 "http://simile.mit.edu/longwell/"
}

@Misc{HaystackUI03,
  author = "David Huynh",
  year = "2003",
  title = "Haystack's User Interface Framework: Tutorial and Reference",
  note =	 "http://haystack.lcs.mit.edu/documentation/ui.pdf"
}

@Misc{foaf,
  author = "FOAFers",
  year = "2001",
  title = "Friend-of-a-Friend (FOAF)",
  note =	 "http://www.foaf-project.org/"
}

@Misc{sparql05,
  author = "Eric Prud'hommeaux and Andy Seaborne",
  year = "2005",
  month = "April",
  title = "SPARQL Query Language for RDF",
  note = "http://www.w3.org/TR/rdf-sparql-query/"
}

@Misc{fsl05,
  author = "Emmanuel Pietriga",
  year = "2005",
  month = "March",
  title = "Fresnel Selector Language for RDF",
  note = "http://simile.mit.edu/repository/fresnel/trunk/docs/manual/fsl.html"
}

@InProceedings{Pietriga05a,
  author = 	 "Emmanuel Pietriga",
  title = 	 "Improving Interaction in Visual Language Environments",
  OPTpages = 	 "",
  booktitle =    "Submitted to the IEEE Symposium on Visual Languages and Human Centric Computing",
  year = 	 "2005",
  month = 	 "September"
}

@Misc{isaviz,
  author = "W3C",
  year = "2001-2005",
  title = "IsaViz: A Visual Authoring Tool for RDF",
  note = "http://www.w3.org/2001/11/IsaViz/"
}

@Misc{Welkin,
  author = "Stefano Mazzocchi",
  year = "2005",
  title = "Welkin: a graph-based RDF visualizer",
  note = "http://simile.mit.edu/welkin/"
}

@Article{Steer03,
  author = 	 "Damian Steer",
  title = 	 "BrownSauce: An RDF Browser",
  journal =	 "XML.com",
  year =	 "2003",
  month = 	 "February",
  note =	 "http://www.xml.com/pub/a/2003/02/05/brownsauce.html"
}

@Misc{CSS,
  author = "W3C",
  year = "1998",
  title = "Cascading Style Sheets, level 2 - CSS2 Specification",
  note = "http://www.w3.org/TR/REC-CSS2/"
}

@Misc{SVG,
  author = "W3C",
  year = "2005",
  title = "Scalable Vector Graphics (SVG) 1.1  Specification",
  note = "http://www.w3.org/TR/SVG11/"
}

@Misc{N3,
  author = "Tim Berners-Lee",
  year = "2005",
  title = "Primer: Getting into RDF \& Semantic Web using N3",
  note = "http://www.w3.org/2000/10/swap/Primer.html
"
}
