%  $Description: Fresnel bibliography$ 
% 
%  $Author: epietrig $ 
%  $Date: 2005/04/01 10:40:12 $
%  $Revision:  1.0$

@InProceedings{Quan04,
  author = 	 "Dennis Quan and David Karger",
  title = 	 "{H}ow to {M}ake a {S}emantic {W}eb {B}rowser",
  pages = 	 "255-265",
  booktitle =    "Proceedings of the 13th international conference on World Wide Web",
  year = 	 "2004",
  month = 	 "May"
}

@Misc{Quan05,
  author = 	 "Dennis Quan and David Karger",
  title = 	 "Xenon: {A}n {RDF} {S}tylesheet {O}ntology",
  year = 	 "2005",
  note =      "Submitted to the World Wide Web Conference"
}

@InProceedings{Rutledge05,
  author = 	 "Lloyd Rutledge and Jacco van Ossenbruggen and Lynda Hardman",
  title = 	 "Making {RDF} {P}resentable: {S}election, {S}tructure and {S}urfability for the {S}emantic {W}eb",
  OPTpages = 	 "",
  booktitle =    "Proceedings of the 14th international conference on World Wide Web",
  year = 	 "2005",
  month = 	 "May"
}

@InProceedings{Gassert05,
  author = 	 "Hannes Gassert and Andreas Harth",
  title = 	 "From {G}raph to {GUI}: {D}isplaying {RDF} {D}ata from the {W}eb with {A}rago",
  OPTpages = 	 "",
  booktitle =    "1st workshop on Scripting for the Semantic Web (ESWC)",
  year = 	 "2005"
}

@article{Isakowitz:1995:RMS,
volume         = {38},
author         = {Tom{\'a}s Isakowitz and Edward A. Stohr and P. 
Balasubramanian},
journal        = {Communications of the ACM},
title          = {{RMM}: {A} {M}ethodology for {S}tructured {H}ypermedia 
{D}esign},
number         = {8},
month          = {August},
year           = {1995},
pages          = {34-44}}

@InProceedings{MindSwap05,
  author = 	 "Aditya Kalyanpur and Bijan Parsia and James Hendler",
  title = 	 "A {T}ool for {W}orking with {W}eb {O}ntologies",
  OPTpages = 	 "",
  booktitle =    "Proceedings of Extreme Markup Languages",
  year = 	 "2004",
  month = 	 "January"
}

@InProceedings{Carroll04,
  author = 	 "Jeremy J. Carroll and Patrick Stickler",
  title = 	 "{T}rix : {R}DF triples in {X}ML",
  OPTpages = 	 "",
  booktitle =    "In the International Journal on Semantic Web and Information Systems, Vol.1, No.1, Jan-Mar 2005",
  year = 	 "2005",
  month = 	 "January"
}

@InProceedings{mspace2005,
  author = 	 "mc schraefel and Daniel Smith and Alisdair Owens and Alistair Russell and Craig Harris",
  title = 	 "The evolving m{S}pace platform: leveraging the {S}emantic {W}eb on the {T}rail of the {M}emex.",
  OPTpages = 	 "",
  booktitle =    "16th ACM Conference on Hypertext and Hypermedia",
  year = 	 "2005",
  month = 	 "September"
}

@Misc{cocoon05,
  author = 	 "ASF",
  title = 	 "The {A}pache {C}ocoon {P}roject",
  year =	 "2005",
  note =	 "http://cocoon.apache.org"
}

@Misc{rdfcas04,
  author = 	 "W3C",
  title = 	 "Resource Description Framework ({RDF}): {C}oncepts and {A}bstract {S}yntax",
  year =	 "2004",
  month =	 "February",
  note =	 "http://www.w3.org/TR/rdf-concepts/"
}

@Article{gss03,
  author = 	 "Emmanuel Pietriga",
  title = 	 "{S}tyling {RDF} {G}raphs with {GSS}",
  journal =	 "{XML}.com",
  year =	 "2003",
  month = 	 "December",
  note =	 "http://www.xml.com/pub/a/2003/12/03/gss.html"
}

@Article{Mazzocchi05,
  author = 	 "Stefano Mazzocchi and Stephen Garland and Ryan Lee",
  title = 	 "{S}imile: {P}ractical {M}etadata for the {S}emantic {W}eb",
  journal =	 "{XML}.com",
  year =	 "2004",
  month = 	 "January",
  note =	 "http://www.xml.com/pub/a/2005/01/26/simile.html"
}

@Misc{simile,
  author = "SIMILE",
  year = "2003-2005",
  title = "{L}ongwell {RDF} {B}rowser",
  note =	 "http://simile.mit.edu/longwell/"
}

@Misc{horus,
  author = "Tae IL Erdmann",
  year = "2005",
  title = "{Horus RDF Browser}",
  note =	 "http://www.wiwiss.fu-berlin.de/suhl/bizer/rdfapi/tutorial/horus/"
}

@Misc{HaystackUI03,
  author = "David Huynh",
  year = "2003",
  title = "Haystack's User Interface Framework: Tutorial and Reference",
  note =	 "http://haystack.lcs.mit.edu/documentation/ui.pdf"
}

@Misc{foaf,
  author = "{FOAF}ers",
  year = "2001",
  title = "{F}riend-of-a-{F}riend ({FOAF})",
  note = "http://www.foaf-project.org/"
}

@Misc{sparql05,
  author = "Eric Prud'hommeaux and Andy Seaborne",
  year = "2005",
  month = "April",
  title = "{SPARQL} {Q}uery {L}anguage for {RDF}",
  note = "http://www.w3.org/TR/rdf-sparql-query/"
}

@Misc{fsl05,
  author = "Emmanuel Pietriga",
  year = "2005",
  month = "July",
  title = "{F}resnel {S}elector {L}anguage for {RDF}",
  note = "http://www.w3.org/2005/04/fresnel-info/fsl-20050726/"
}

@Misc{fresnel05,
  author = "Chris Bizer and Ryan Lee and Emmanuel Pietriga",
  year = "2005",
  month = "June",
  title = "{F}resnel - {D}isplay {V}ocabulary for {RDF}",
  note = "http://www.w3.org/2005/04/fresnel-info/manual-20050726/"
}

@Misc{isaviz,
  author = "W3C",
  year = "2001-2005",
  title = "{I}sa{V}iz: {A} {V}isual {A}uthoring {T}ool for {RDF}",
  note = "http://www.w3.org/2001/11/IsaViz/"
}

@Misc{Welkin,
  author = "SIMILE",
  year = "2004-2005",
  title = "Welkin",
  note = "http://simile.mit.edu/welkin/"
}

@Article{Steer03,
  author = 	 "Damian Steer",
  title = 	 "{B}rown{S}auce: {A}n {RDF} {B}rowser",
  journal =	 "{XML}.com",
  year =	 "2003",
  month = 	 "February",
  note =	 "http://www.xml.com/pub/a/2003/02/05/brownsauce.html"
}

@Misc{N3,
  author = "Tim Berners-Lee",
  year = "2005",
  title = "{P}rimer: {G}etting into {RDF} \& {S}emantic {W}eb using {N3}",
  note = "http://www.w3.org/2000/10/swap/Primer.html
"
}

@InProceedings{xpr06,
  author = 	 "S. Cohen-Boulakia and C. Froidevaux and E. Pietriga",
  title = 	 "{S}electing {B}iological {D}ata {S}ources and {T}ools with {XPR}, a {P}ath {L}anguage for {RDF}",
  OPTpages = 	 "",
  booktitle =    "Pacific Symposium on Biocomputing ({PSB}), Maui, Hawaii.",
  year = 	 "2006",
  month = 	 "January"
}
